<?xml version="1.0" encoding="UTF-8" ?><marc:collection xmlns:marc="http://www.loc.gov/MARC21/slim" xmlns:xsi="http://www.w3.org/2001/XMLSchema-instance" xsi:schemaLocation="http://www.loc.gov/MARC21/slim http://www.loc.gov/standards/marcxml/schema/MARC21slim.xsd">
<marc:record><marc:leader>05664nam a2200409   4500</marc:leader>
<marc:controlfield tag="001">6336</marc:controlfield>
<marc:controlfield tag="003">aeadna</marc:controlfield><marc:controlfield tag="005">20100628134600.0</marc:controlfield><marc:controlfield tag="008">950607m19051907ua    0f0  ara0d  0cara d</marc:controlfield><marc:datafield tag="035" ind1=" " ind2=" "><marc:subfield code="a">(Sirsi) 6336</marc:subfield></marc:datafield><marc:datafield tag="040" ind1=" " ind2=" "><marc:subfield code="a">nal</marc:subfield><marc:subfield code="b">ara</marc:subfield><marc:subfield code="e">AACR2</marc:subfield></marc:datafield><marc:datafield tag="041" ind1="0" ind2=" "><marc:subfield code="a">ara</marc:subfield></marc:datafield><marc:datafield tag="050" ind1=" " ind2="4"><marc:subfield code="a">BP136.48</marc:subfield><marc:subfield code="b">.I24</marc:subfield></marc:datafield><marc:datafield tag="066" ind1=" " ind2=" "><marc:subfield code="c">(3</marc:subfield><marc:subfield code="c">$1</marc:subfield></marc:datafield><marc:datafield tag="082" ind1="1" ind2="0"><marc:subfield code="a">213.33092</marc:subfield><marc:subfield code="b">21</marc:subfield></marc:datafield><marc:datafield tag="090" ind1=" " ind2=" "><marc:subfield code="a"></marc:subfield></marc:datafield><marc:datafield tag="100" ind1="2" ind2=" "><marc:subfield code="a">ابن حجر العسقلاني، أحمد بن علي،</marc:subfield><marc:subfield code="d">1372-1449.</marc:subfield></marc:datafield><marc:datafield tag="245" ind1="1" ind2="0"><marc:subfield code="a">كتاب الإصابة في تمييز الصحابة/</marc:subfield><marc:subfield code="c">تأليف شهاب الدين أبي الفضل أحمد بن علّي بن محمد بن محمد بن علٍّي الكنتني العسقلاني ثم المصري (الشافعي) المعروف بابن حجر .</marc:subfield></marc:datafield><marc:datafield tag="246" ind1="3" ind2="0"><marc:subfield code="a">الإصابة في تمييز الصحابة.</marc:subfield></marc:datafield><marc:datafield tag="260" ind1=" " ind2=" "><marc:subfield code="a">القاهرة :</marc:subfield><marc:subfield code="b">مطبعة السعادة،&amp;#x200f; &amp;#x200f;</marc:subfield><marc:subfield code="c">&amp;#x200f;1905-1907.</marc:subfield></marc:datafield><marc:datafield tag="300" ind1=" " ind2=" "><marc:subfield code="a">8 ج. في 4 مج. ؛</marc:subfield><marc:subfield code="c">29 سم.</marc:subfield></marc:datafield><marc:datafield tag="500" ind1=" " ind2=" "><marc:subfield code="a">الورق أصفر. حالة الكتاب المادية جيدة.</marc:subfield></marc:datafield><marc:datafield tag="500" ind1=" " ind2=" "><marc:subfield code="a">المجلد الأول (1-2): سنة 1905.- المجلد الثاني (3-4): 1907 .- المجلد الثالث(5-6) : 1907.- المجلد الرابع (7-8): 1907.</marc:subfield></marc:datafield><marc:datafield tag="500" ind1=" " ind2=" "><marc:subfield code="a">طبعت هذه الّنسخة من الكتاب طبق الّنسخة المطبوعة سنة (1853م) في بلدة كلكتا بعد مقابلتها على الّنسخة الخّطية المحفوظة في دار الكتب بالأزهر الشريف بمصر ثم على على الّنسخة الموقوفة  على طلبة العلم برواق الشوام من الأزهر المذكور.</marc:subfield></marc:datafield><marc:datafield tag="500" ind1=" " ind2=" "><marc:subfield code="a">نبذة من سيرة المؤلف: ُمحِّدث وعالم مسلم، شافعي المذهب، ُلقب بعدة ألقاب منها شيخ الإسلام وأمير المؤمنين في الحديث، أصله من مدينة عسقلان، ولد الحافظ ابن حجر العسقلاني في شهر شعبان سنة 773 هـ في الفسطاط، توفي والده وهو صغير، فترّبى في حضانة أحد أوصياء أبيه، ودرس العلم، وتوّلى التدريس.  ولع بالأدب والشعر ثم أقبل على علم الحديث، ورحل داخل مصر وإلى اليمن والحجاز والشام وغيرها لسماع الشيوخ، وعمل بالحديث وشرح صحيح البخاري في كتابه فتح الباري، فاشتهر اسمه، قال السخاوي: &amp;#xab;انتشرت مصنفاته في حياته وتهادتها الملوك وكتبها الأكابر.&amp;#xbb;، وله العديد من المصنفات الأخرى، عَّدها السخاوي 270 مصنًفا، وذكر السيوطي أنها 200 مصنف. وقد تنوعت مصنفاته، فصنف في علوم القرآن، وعلوم الحديث، والفقه، والتاريخ، وغير ذلك من أشهرها: تقريب التهذيب، ولسان الميزان، والدرر الكامنة في أعيان المائة الثامنة، وألقاب الرواة، وغيرها،  تولى ابن حجر الإفتاء واشتغل في دار العدل وكان قاضي قضاة الشافعية. وعني ابن حجر عناية فائقة بالتدريس، واشتغل به ولم يكن يصرفه عنه شيء حتى أيام توليه القضاء والإفتاء، وقد دّرس في أشهر المدارس في العالم الإسلامي في عهده من مثل: المدرسة الشيخونية والمحمودية والحسنية والبيبرسية والفخرية والصلاحية والمؤيدية ومدرسة جمال الدين الأستادار في القاهرة. توفي في 852 هـ بالقاهرة.</marc:subfield></marc:datafield><marc:datafield tag="500" ind1=" " ind2=" "><marc:subfield code="a">تمام الجزء الأول: حرملة بن خالد. ويليه الجزء الثاني وأوله 1659 حرملة بن زيد الانصاري. ويليه الجز الثالث واوله حرف الزاي المنقوطة وتمامه4326 &quot;ظالم&quot; بن عمرو بن سفيان ابو الأسود الدؤلي.- ويليه الجزء الرابع وأوله حرف العين المهملة&quot;عابد بن السائب وتمامه 5875 &quot;عمرو&quot; بن طلق بن زيد بن أمية بن كعب بن غنم بن سواد الأنصاري. ويليه الجزء الخامس واوله ترجمة سيدنا عمرو بن العاص بن وائل بن هاشم بن سعيد بن سهم بن عمرو بن هصيص بن كعب بن لؤي القرشي السهمي. وتمامه 7525 &quot;كندر&quot; بن سعيد بن حيوة. ويليه الجزء السادس واوله حرف اللام &quot;لاحب&quot; بن مالك بن سعد الله بن جعيل . وتمامه 8477 &quot;يونس&quot; النصاري الظفري أبو محمد . ويله الجزء السابع&quot; وأوله باب الكنى : حرف الهمزة &quot;أبو أمية&quot; الفزاري وتمامه 1257&quot;أبو يزيد&quot; بن أبي مريم. ويليه الجز الثامن وأوله كتاب الّنساء &quot;حرف الألف&quot; &quot;آسية&quot; بنت الحارث السعدية أخت النبي صلى الله عليه وسلم من الّرضاعة.وتمامه 1545 &quot;أم يحيى&quot; استدركها أبو موسى...  .</marc:subfield></marc:datafield><marc:datafield tag="502" ind1=" " ind2=" "><marc:subfield code="a"></marc:subfield></marc:datafield><marc:datafield tag="520" ind1=" " ind2=" "><marc:subfield code="a">من أهّم وأوسع ما ألف من الكتب في تاريخ الإسلام على الإطلاق، وموضوعه التمييز بين الصحابة: من صحت صحبته ومن لم تصح، ومن صح وجوده أو لم يصح. ومجموع تراجمه ( 12446 ) ترجمة</marc:subfield></marc:datafield><marc:datafield tag="520" ind1=" " ind2=" "><marc:subfield code="a"> استمّد كتاب الإصابة للحافظ ابن حجر -رحمه الله- أهميته ومكانته العالية في مجال العلم بالصحابة من نقاط عّدة مّيزته عن غيره من الكتب التي اعتنت بنفس المجال، منها. جمع ابن حجر -رحمه الله- في كتاب الإصابة ما كتبه من سبقه في علم الصحابة، وأعاد البحث والتنقيب في المراجع القديمة الأولى التي تّم تأليفها وتصنيفها فيما يتعّلق بسير الصحابة رضوان الله عليهم، وتاريخ الرواة، والسير والمغازي، وبذلك جمع عددًا من أسماء الصحابة الذين لم يذكروا في مصنفات غيره، واعتمد في منهجية تأليفه للكتاب على ترتيب أسماء الصحابة وفق أحرف المعجم، فيبدأ بحرف الألف أولًا، ثّم الباء ثّم التاء وهكذا، وقسم كّل حرف منهم إلى أربعة أقسام، ووّضح ثبوت التقاء كلًا منهم برسول الله -صّلى الله عليه وسّلم- من عدمه، كما أشار إلى ما كان مذكورًا من الأسماء في مصّنفات ومؤلفات أخرى على سبيل الوهم والغلط . ومنهجية الحافظ أنه اجتهد بضبط الأسماء والألفاظ في الغالب، وكان يحرص على ذكر عّمن روى كّل راوي ومن روى عنه أيضًا، كما كان يعيد بعض التراجم إن كان الاسم محتملًا بين اثنين، فيترجمه مّرًة عند موضع كّل احتمال بحسب مكانه من حروف الهجاء، وقد استخدم كثيرًا في كتابه أسلوب الإحالة للقارئ على ما سبق ذكره في الكتاب، أو ما سيأتي ذكره لاحقًا، أّما طول التراجم في الكتاب فقد تتفاوت تفاوتًا كبيرًا، فبعضها لم يتجاوز أسطرًا قليلة، والآخر بلغ عددًا كبيرًا من الصفحات.</marc:subfield></marc:datafield><marc:datafield tag="521" ind1=" " ind2=" "><marc:subfield code="a"></marc:subfield></marc:datafield><marc:datafield tag="541" ind1=" " ind2=" "><marc:subfield code="a">هدية سمو الشيخ فالح بن ناصر آل ثاني إلى مكتبة مركز الوثائق والدراسات أبو ظبي.</marc:subfield></marc:datafield><marc:datafield tag="650" ind1=" " ind2="4"><marc:subfield code="a">الحديث</marc:subfield><marc:subfield code="v">تراجم الرواة</marc:subfield></marc:datafield><marc:datafield tag="650" ind1=" " ind2="4"><marc:subfield code="a">الصحابة والتابعون</marc:subfield><marc:subfield code="v">تراجم</marc:subfield></marc:datafield><marc:datafield tag="949" ind1=" " ind2=" "><marc:subfield code="a">213.33092 ح ج &amp;#xfffd;DF&amp;#xfffd; ت</marc:subfield><marc:subfield code="v">1</marc:subfield><marc:subfield code="w">DDC</marc:subfield><marc:subfield code="i">30018000012073</marc:subfield><marc:subfield code="u">06/22/2003</marc:subfield><marc:subfield code="d">04/26/2010</marc:subfield><marc:subfield code="e">12/26/2006</marc:subfield><marc:subfield code="n">1</marc:subfield><marc:subfield code="t">Book</marc:subfield><marc:subfield code="l">i</marc:subfield><marc:subfield code="m">MAIN</marc:subfield><marc:subfield code="j">0</marc:subfield><marc:subfield code="x">RAR</marc:subfield></marc:datafield><marc:datafield tag="949" ind1=" " ind2=" "><marc:subfield code="a">213.33092 ح ج &amp;#xfffd;DF&amp;#xfffd; ت</marc:subfield><marc:subfield code="v">2</marc:subfield><marc:subfield code="w">DDC</marc:subfield><marc:subfield code="i">30018000012074</marc:subfield><marc:subfield code="u">06/22/2003</marc:subfield><marc:subfield code="d">04/26/2010</marc:subfield><marc:subfield code="e">12/26/2006</marc:subfield><marc:subfield code="n">1</marc:subfield><marc:subfield code="t">Book</marc:subfield><marc:subfield code="l">i</marc:subfield><marc:subfield code="m">MAIN</marc:subfield><marc:subfield code="j">0</marc:subfield><marc:subfield code="x">RAR</marc:subfield></marc:datafield><marc:datafield tag="949" ind1=" " ind2=" "><marc:subfield code="a">213.33092 ح ج &amp;#xfffd;DF&amp;#xfffd; ت</marc:subfield><marc:subfield code="v">3</marc:subfield><marc:subfield code="w">DDC</marc:subfield><marc:subfield code="i">30018000012075</marc:subfield><marc:subfield code="u">06/22/2003</marc:subfield><marc:subfield code="d">04/26/2010</marc:subfield><marc:subfield code="e">12/26/2006</marc:subfield><marc:subfield code="n">1</marc:subfield><marc:subfield code="t">Book</marc:subfield><marc:subfield code="l">i</marc:subfield><marc:subfield code="m">MAIN</marc:subfield><marc:subfield code="j">0</marc:subfield><marc:subfield code="x">RAR</marc:subfield></marc:datafield><marc:datafield tag="949" ind1=" " ind2=" "><marc:subfield code="a">213.33092 ح ج &amp;#xfffd;DF&amp;#xfffd; ت</marc:subfield><marc:subfield code="v">4</marc:subfield><marc:subfield code="w">DDC</marc:subfield><marc:subfield code="i">30018000012076</marc:subfield><marc:subfield code="u">06/22/2003</marc:subfield><marc:subfield code="d">04/26/2010</marc:subfield><marc:subfield code="e">12/26/2006</marc:subfield><marc:subfield code="n">1</marc:subfield><marc:subfield code="t">Book</marc:subfield><marc:subfield code="l">i</marc:subfield><marc:subfield code="m">MAIN</marc:subfield><marc:subfield code="j">0</marc:subfield><marc:subfield code="x">RAR</marc:subfield></marc:datafield></marc:record>
</marc:collection>
